@Book{Harrington2001,
 author = {Roger F. Harrington},
 title = {Time-Harmonic Electromagnetic fields},
 publisher = {Wiley-IEEE Press},
 year = {2001},
 address = {USA}
}

@Book{Ides2006,
 author = {Idesbald Van den Bosch},
 title = {Ground-penetrating radar modeling for mine detection},
 publisher = {CIACO},
 year = {2006},
 address = {Louvain-la-Neuve, Belgium}
}

@Book{Orfanidis2002,
 author = {Sophocles J. Orfanidis},
 title = {Electromagnetic Waves and Antennas},
 publisher = {ECE Department, Rutgers University},
 year = {2002},
 address = {Piscataway, NJ, USA}
}

@Article{Arnoldus2011,
 author = {Henk F. Arnoldus},
 title = {Application of the Magnetic Field Integral Equation to Diffraction and Reflection by a Conducting Sheet},
 year = {2011},
 journal = {International Journal of Theoretical Physics, Group theory and Nonlinear Optics},
 volume  = {14},
 number  = {3},
 pages   = {1--12}
}

